@article{ferrari_beta_2004,
	title = {Beta {Regression} for {Modelling} {Rates} and {Proportions}},
	volume = {31},
	issn = {0266-4763, 1360-0532},
	doi = {10.1080/0266476042000214501},
	language = {en},
	number = {7},
	journal = {Journal of Applied Statistics},
	author = {Ferrari, Silvia and Cribari-Neto, Francisco},
	month = aug,
	year = {2004},
	pages = {799--815}
}

@article{cribari-neto_beta_2010,
	title = {Beta {Regression} in \textit{{R}}},
	volume = {34},
	issn = {1548-7660},
	doi = {10.18637/jss.v034.i02},
	language = {en},
	number = {2},
	journal = {Journal of Statistical Software},
	author = {Cribari-Neto, Francisco and Zeileis, Achim},
	year = {2010}
}

@article{krysicki_new_1999,
	title = {On some new properties of the beta distribution},
	volume = {42},
	issn = {0167-7152},
	doi = {10.1016/S0167-7152(98)00197-7},
	language = {en},
	number = {2},
	journal = {Statistics \& Probability Letters},
	author = {Krysicki, Włodzimierz},
	month = apr,
	year = {1999},
	pages = {131--137}
}

@book{gupta_handbook_2014,
	address = {Boca Raton},
	title = {Handbook of {Beta} {Distribution} and {Its} {Applications}},
	isbn = {978-0-429-15288-7},
	publisher = {CRC Press},
	author={Gupta, Arjun K and Nadarajah, Saralees},
	month = apr,
	year = {2014},
	doi = {10.1201/9781482276596},
}

@article{espinheira_beta_2008,
  title={On beta regression residuals},
  author={Espinheira, Patr{\'\i}cia L and Ferrari, Silvia LP and Cribari-Neto, Francisco},
  journal={Journal of Applied Statistics},
  volume={35},
  number={4},
  pages={407--419},
  year={2008},
  publisher={Taylor \& Francis}
}

@article{kieschnick_regression_2003,
	title = {Regression analysis of variates observed on (0, 1): percentages, proportions and fractions},
	volume = {3},
	issn = {1471-082X},
	doi = {10.1191/1471082X03st053oa},
	language = {en},
	number = {3},
	journal = {Statistical Modelling},
	author = {Kieschnick, Robert and McCullough, B D},
	month = oct,
	year = {2003},
	pages = {193--213}
	
}

@article{bonat_regression_2013,
	title = {Regression models with responses on the unity {Interval}: {Specification}, estimation and comparison},
	volume = {30},
	language = {en},
	number = {4},
	journal = {Biometric Brazilian Journal},
	author = {Bonat, Wagner Hugo and Jr, Paulo Justiniano RIBEIRO and Zeviani, Walmes Marques},
	year = {2013},
	pages = {18}
}

@article{lopez_bayesian_2013,
	title = {A {Bayesian} {Approach} to {Parameter} {Estimation} in {Simplex} {Regression} {Model}: {A} {Comparison} with {Beta} {Regression}},
	language = {en},
	journal = {Revista Colombiana de Estadística},
	author = {López, Freddy Omar},
	year = {2013},
	pages = {21}
	
}

@article{scholz_posterior_2023,
  title={Posterior accuracy and calibration under misspecification in Bayesian generalized linear models},
  author={Scholz, Maximilian and B{\"u}rkner, Paul-Christian},
  journal={arXiv preprint arXiv:2311.09081},
  year={2023}
}

@article{scholz_prediction_2025,
  title={Prediction can be safely used as a proxy for explanation in causally consistent Bayesian generalized linear models},
  author={Scholz, Maximilian and B{\"u}rkner, Paul-Christian},
  journal={Journal of Statistical Computation and Simulation},
  pages={1--24},
  year={2025},
  publisher={Taylor \& Francis}
}

